<?xml version="1.0" encoding="UTF-8"?><collection xmlns="http://www.loc.gov/MARC21/slim"><record><leader>00387nam--2200133-i-4500</leader><controlfield tag="001">000022466</controlfield><controlfield tag="002">20161230</controlfield><controlfield tag="005">20161230201034</controlfield><controlfield tag="008">060222s1000------------r-----000-0-eng-d</controlfield><datafield ind1=" " ind2=" " tag="100"><subfield code="a">Greenwood, N.N</subfield></datafield><datafield ind1=" " ind2=" " tag="245"><subfield code="a">Principles of atomic orbitals</subfield></datafield><datafield ind1=" " ind2=" " tag="260"><subfield code="a">London, The Royal Institute Of Chemiistry, 1964. 46 P</subfield></datafield><datafield ind1=" " ind2=" " tag="490"><subfield code="a">Royal Institute Of Chemistry Monographs For Teachers</subfield></datafield><datafield ind1=" " ind2=" " tag="852"><subfield code="a">22736</subfield></datafield></record></collection>